%% This BibTeX bibliography file was created using BibDesk.
%% http://bibdesk.sourceforge.net/


%% Created for David Roe at 2013-06-28 20:54:09 +0800 


%% Saved with string encoding Unicode (UTF-8) 



@unpublished{zaremsky:ppa,
	Author = {Matthew Zaremsky},
	Date-Added = {2013-06-28 17:36:53 +0800},
	Date-Modified = {2013-06-28 20:54:08 +0800},
	Keywords = {rectifiers},
	Note = {Preprint, arXiv:1109.5487},
	Title = {{Representatives of elliptic Weyl group elements in algebraic groups}},
	Year = {2011}}

@article{xarles:93a,
	Author = {Xavier Xarles},
	Date-Added = {2013-06-28 17:35:35 +0800},
	Date-Modified = {2013-06-28 20:39:57 +0800},
	Journal = {J. Reine Angew. Math.},
	Keywords = {rectifiers},
	Pages = {167-180},
	Title = {{The scheme of connected components of the N\'eron model of an algebraic torus}},
	Volume = {437},
	Year = {1993}}

@article{tits:66a,
	Author = {Jacques Tits},
	Date-Added = {2013-06-28 17:34:26 +0800},
	Date-Modified = {2013-06-28 17:35:24 +0800},
	Journal = {J. Algebra},
	Keywords = {rectifiers},
	Pages = {96-116},
	Title = {Normalisateurs de tores},
	Volume = {4},
	Year = {1966}}

@incollection{atiyah-wall:CohomologyGrps,
	Address = {London},
	Author = {Michael Atiyah and Charles Wall},
	Booktitle = {{Algebraic number theory}},
	Date-Added = {2013-06-28 17:31:22 +0800},
	Date-Modified = {2013-06-28 20:25:47 +0800},
	Editor = {John W. S. Cassels and Albrecht Frohlich},
	Keywords = {rectifiers},
	Pages = {84-115},
	Publisher = {Academic Press},
	Title = {Cohomology of groups},
	Year = {1967}}

@book{serre:AlgGrpsClassFields,
	Address = {New York},
	Author = {Jean-Pierre Serre},
	Booktitle = {Algebraic Groups and Class Fields},
	Date-Added = {2013-06-28 17:28:55 +0800},
	Date-Modified = {2013-06-28 20:53:41 +0800},
	Keywords = {rectifiers},
	Publisher = {Springer-Verlag},
	Series = {Graduate Texts in Mathematics 117},
	Title = {{Algebraic groups and class fields}},
	Year = {1988}}

@article{reeder:08a,
	Author = {Mark Reeder},
	Date-Added = {2013-06-28 17:27:31 +0800},
	Date-Modified = {2013-06-28 20:34:08 +0800},
	Journal = {J. Reine Angew. Math.},
	Keywords = {rectifiers},
	Pages = {1-33},
	Title = {{Supercuspidal $L$-packets of positive depth and twisted Coxeter elements}},
	Volume = {620},
	Year = {2008}}

@inproceedings{murnaghan:11,
	Author = {Fiona Murnaghan},
	Booktitle = {On certain $L$-functions: a volume in honor of Freydoon Shahidi on the occasion of his 60th birthday},
	Date-Added = {2013-06-28 17:23:04 +0800},
	Date-Modified = {2013-06-28 20:52:05 +0800},
	Editor = {James Arthur and James W. Cogdell and Stephen Gelbart and David Goldberg and Dinakar Ramakrishnan},
	Keywords = {rectifiers},
	Pages = {439-470},
	Series = {Clay Math Proc. 13},
	Title = {Parametrization of tame supercuspidal representations},
	Year = {2011}}

@article{kaletha:13a,
	Author = {Tasho Kaletha},
	Date-Added = {2013-06-28 17:21:32 +0800},
	Date-Modified = {2013-06-28 20:30:14 +0800},
	Journal = {J. Inst. Math. Jussieu},
	Keywords = {rectifiers},
	Number = {1},
	Pages = {43-75},
	Title = {{Simple wild $L$-packets}},
	Volume = {12},
	Year = {2013}}

@book{humphreys:LinAlgGrps,
	Author = {James E. Humphreys},
	Booktitle = {Linear Algebraic Groups},
	Date-Added = {2013-06-28 17:20:24 +0800},
	Date-Modified = {2013-06-28 20:48:02 +0800},
	Keywords = {rectifiers},
	Publisher = {Springer-Verlag},
	Series = {Graduate Texts in Mathematics 21},
	Title = {{Linear algebraic groups}},
	Year = {1975}}

@article{howe:77a,
	Author = {Roger Howe},
	Date-Added = {2013-06-28 17:19:10 +0800},
	Date-Modified = {2013-06-28 20:04:49 +0800},
	Journal = {Pacific J. Math.},
	Keywords = {rectifiers},
	Pages = {437-460},
	Title = {{Tamely ramified supercuspidal representations of $GL_n(F)$}},
	Volume = {73},
	Year = {1997}}

@phdthesis{tam:12a,
	Author = {Geo Kam-Fai Tam},
	Date-Added = {2013-06-28 17:17:58 +0800},
	Date-Modified = {2013-06-28 17:18:37 +0800},
	Keywords = {rectifiers},
	School = {University of Toronto},
	Title = {Transfer relations in essentially tame local Langlands correspondence},
	Year = {2012}}

@book{bushnell-kutzko:AdmissibleDual,
	Author = {Colin Bushnell and Phil Kutzko},
	Booktitle = {{The admissible dual of $GL(n)$ via compact open subgroups}},
	Date-Added = {2013-06-28 17:15:15 +0800},
	Date-Modified = {2013-06-28 20:44:19 +0800},
	Keywords = {rectifiers},
	Publisher = {Princeton U.P.},
	Series = {Ann. Math. Studies 129},
	Title = {{The admissible dual of $GL(n)$ via compact open subgroups}},
	Year = {1993}}

@article{bushnell-henniart:10a,
	Author = {Colin Bushnell and Guy Henniart},
	Date-Added = {2013-06-28 17:13:38 +0800},
	Date-Modified = {2013-06-28 19:59:01 +0800},
	Journal = {Proc. Lond. Math. Soc.},
	Keywords = {rectifiers},
	Number = {2},
	Pages = {497-553},
	Title = {{The essentially tame local Langlands correspondence, III: the general case}},
	Volume = {101},
	Year = {2010}}

@article{bushnell-henniart:05a,
	Author = {Colin Bushnell and Guy Henniart},
	Date-Added = {2013-06-28 17:12:09 +0800},
	Date-Modified = {2013-06-28 19:59:07 +0800},
	Journal = {Compositio Math.},
	Keywords = {rectifiers},
	Pages = {979-1011},
	Title = {{The essentially tame local Langlands correspondence, II: totally ramified representations}},
	Volume = {141},
	Year = {2005}}

@incollection{serre:LocalClassFieldThy,
	Address = {London},
	Author = {Jean-Pierre Serre},
	Booktitle = {{Algebraic number theory}},
	Date-Added = {2013-06-28 17:08:47 +0800},
	Date-Modified = {2013-06-28 20:36:06 +0800},
	Editor = {John W. S. Cassels and Albrecht Frohlich},
	Keywords = {rectifiers},
	Pages = {129-162},
	Publisher = {Academic Press},
	Title = {Local Class Field Theory},
	Year = {1967}}

@unpublished{adrian-lansky:ppa,
	Author = {Moshe Adrian and Joshua Lansky},
	Date-Added = {2013-06-28 17:04:54 +0800},
	Date-Modified = {2013-06-28 19:52:34 +0800},
	Keywords = {rectifiers},
	Note = {Preprint, arXiv:1209.6045},
	Title = {{A real groups construction of the tame local Langlands correspondence for $PGSp(4,F)$}},
	Year = {2012}}

@article{adrian:13a,
	Author = {Moshe Adrian},
	Date-Added = {2013-06-28 17:03:35 +0800},
	Date-Modified = {2013-06-28 19:52:23 +0800},
	Journal = {Journal of Number Theory},
	Keywords = {rectifiers},
	Pages = {446-474},
	Title = {{A new realization of the Langlands correspondence for $PGL(2,F)$}},
	Volume = {133},
	Year = {2013}}

@article{adler:98a,
	Author = {Jeffrey Adler},
	Date-Added = {2013-06-28 17:00:13 +0800},
	Date-Modified = {2013-06-28 20:41:24 +0800},
	Journal = {Pacific J. Math.},
	Keywords = {rectifiers},
	Pages = {1-32},
	Title = {{Refined anisotropic $K$-types and supercuspidal representations}},
	Year = {1998}}

@unpublished{bushnell-henniart:11a,
	Author = {Colin Bushnell and Guy Henniart},
	Date-Added = {2011-05-02 05:32:41 -0400},
	Date-Modified = {2011-05-02 05:34:52 -0400},
	Keywords = {thesis},
	Note = {ArXiv:1103.5316v1},
	Title = {{To an effective local Langlands correspondence}},
	Year = {2011}}

@book{humphreys:95a,
	Address = {Providence R.I.},
	Author = {James E. Humphreys},
	Booktitle = {Conjugacy Classes in Semisimple Algebraic Groups},
	Date-Added = {2011-05-02 01:44:11 -0400},
	Date-Modified = {2011-05-02 01:45:36 -0400},
	Keywords = {thesis},
	Publisher = {American Math Society},
	Title = {Conjugacy Classes in Semisimple Algebraic Groups},
	Year = {1995}}

@article{lang:56a,
	Author = {Serge Lang},
	Date-Added = {2011-04-29 07:40:37 -0400},
	Date-Modified = {2013-06-28 17:22:32 +0800},
	Journal = {Amer. J. Math.},
	Keywords = {thesis, rectifiers},
	Pages = {555-563},
	Title = {Algebraic Groups over Finite Fields},
	Volume = {78},
	Year = {1956}}

@article{jacquet:75a,
	Author = {Herve Jacquet},
	Date-Added = {2011-04-29 07:18:17 -0400},
	Date-Modified = {2011-04-29 07:19:56 -0400},
	Journal = {C. R. Acad. Sci. Paris},
	Keywords = {thesis},
	Pages = {1271-1272},
	Title = {Sur les repr\'esentations des groupes r\'eductifs p-adiques},
	Volume = {280},
	Year = {1975}}

@article{johnson:68a,
	Author = {Arnold Johnson},
	Date-Added = {2011-03-31 09:41:42 -0400},
	Date-Modified = {2011-03-31 09:44:06 -0400},
	Journal = {Journ. reine u. angewandte},
	Keywords = {thesis},
	Pages = {57-80},
	Title = {Integral Representations of Hermitian Forms Over Local Fields},
	Volume = {229},
	Year = {1968}}

@article{haines-rapoport:08a,
	Author = {Thomas Haines and Michael Rapoport},
	Date-Added = {2011-03-30 09:37:10 -0400},
	Date-Modified = {2011-03-30 09:38:23 -0400},
	Journal = {Advances in Math.},
	Keywords = {thesis},
	Number = {1},
	Pages = {188-198},
	Title = {On Parahoric Subgroups},
	Volume = {219},
	Year = {2008}}

@book{steinberg:EndomorphismsOfLinearAlgebraicGroups,
	Address = {Providence R.I.},
	Author = {Robert Steinberg},
	Booktitle = {Endomorphisms of Linear Algebraic Groups},
	Date-Added = {2011-03-29 10:10:01 -0400},
	Date-Modified = {2011-03-29 10:12:58 -0400},
	Keywords = {thesis},
	Number = {80},
	Publisher = {American Math Society},
	Series = {Memoirs of the AMS},
	Title = {Endomorphisms of Linear Algebraic Groups},
	Year = {1968}}

@book{collingwood-mcgovern:NilpotentOrbits,
	Address = {New York},
	Author = {David H. Collingwood and William M. McGovern},
	Booktitle = {Nilpotent Orbits in Semisimple Lie Algebras: An Introduction},
	Date-Added = {2011-03-28 04:21:23 -0400},
	Date-Modified = {2011-03-28 04:24:03 -0400},
	Keywords = {thesis},
	Publisher = {Chapman and Hall/CRC},
	Title = {Nilpotent Orbits in Semisimple Lie Algebras: An Introduction},
	Year = {1993}}

@article{henniart:84a,
	Author = {Guy Henniart},
	Date-Added = {2011-03-23 23:29:40 -0400},
	Date-Modified = {2011-03-23 23:32:26 -0400},
	Journal = {M\'emoires S.M.F.},
	Keywords = {thesis},
	Title = {{La conjecture de Langlands locale pour $\GL(3)$}},
	Volume = {11/12},
	Year = {1984}}

@unpublished{scholze:10a,
	Author = {Peter Scholze},
	Date-Added = {2011-03-23 23:17:37 -0400},
	Date-Modified = {2011-03-23 23:18:32 -0400},
	Keywords = {thesis},
	Note = {Preprint},
	Title = {{The local Langlands correspondence for $\GL_n$ over $p$-adic fields}},
	Year = {2010}}

@unpublished{hiraga-saito:08a,
	Author = {Kaoru Hiraga and Hiroshi Saito},
	Date-Added = {2011-03-23 19:55:19 -0400},
	Date-Modified = {2011-04-29 14:26:48 -0400},
	Keywords = {thesis},
	Note = {Preprint},
	Title = {{On L-packets for inner forms of $\SL_n$}},
	Year = {2008}}

@unpublished{langlands:68a,
	Author = {Robert Langlands},
	Date-Added = {2011-03-23 18:54:14 -0400},
	Date-Modified = {2011-03-23 18:55:15 -0400},
	Keywords = {thesis},
	Note = {Mimeographed notes, Yale University},
	Title = {Representations of algebraic groups},
	Year = {1968}}

@book{isaacs:CharacterTheoryOfFiniteGroups,
	Address = {New York},
	Author = {I. Martin Isaacs},
	Date-Added = {2011-03-21 12:12:18 -0400},
	Date-Modified = {2011-04-29 14:26:48 -0400},
	Keywords = {thesis},
	Publisher = {Academic Press},
	Title = {Character Theory of Finite Groups},
	Year = {1976}}

@inproceedings{demazure:SGA3-XXIV,
	Author = {Michel Demazure},
	Booktitle = {{Sch\'emas en groupes III: Structure des schemas en groupes reductifs}},
	Date-Added = {2011-03-17 19:55:48 -0400},
	Date-Modified = {2011-04-29 14:23:03 -0400},
	Editor = {Michel Demazure and Alexander Grothendieck},
	Keywords = {thesis},
	Publisher = {Springer-Verlag},
	Series = {Lecture Notes in Math},
	Title = {{Expos\'e XXIV: Automorphismes des groupes r\'eductifs}},
	Volume = {153},
	Year = {1970}}

@article{iwasawa:55a,
	Author = {Kenkichi Iwasawa},
	Date-Added = {2011-03-15 09:59:01 -0400},
	Date-Modified = {2011-03-15 10:00:36 -0400},
	Journal = {Transactions of the AMS},
	Keywords = {thesis},
	Pages = {448-469},
	Title = {On galois groups of local fields},
	Volume = {80},
	Year = {1955}}

@article{kottwitz:84a,
	Author = {Robert Kottwitz},
	Date-Added = {2011-03-12 16:49:48 -0500},
	Date-Modified = {2011-03-12 16:51:42 -0500},
	Journal = {Duke Math Journal},
	Keywords = {thesis},
	Number = {3},
	Pages = {611-650},
	Title = {Stable trace formula: cuspidal tempered terms},
	Volume = {51},
	Year = {1984}}

@unpublished{gan-gross-prasad:09a,
	Author = {Wee Teck Gan and Benedict H. Gross and Dipendra Prasad},
	Date-Added = {2011-03-11 07:04:38 -0500},
	Date-Modified = {2011-03-11 07:07:52 -0500},
	Keywords = {thesis},
	Note = {to appear in Asterisque},
	Title = {{Symplectic local root numbers, central critical L-values and restriction problems in the representation theory of classical groups}},
	Year = {2009}}

@inproceedings{gross:04a,
	Address = {Cambridge, UK},
	Author = {Benedict H. Gross},
	Booktitle = {{Heegner points and Rankin L-series}},
	Date-Added = {2011-03-05 21:00:07 -0500},
	Date-Modified = {2011-03-05 21:03:52 -0500},
	Editor = {Henri Darmon and Shou-Wu Zhang},
	Keywords = {thesis},
	Pages = {37-65},
	Publisher = {Cambridge UP},
	Series = {MSRI Publications},
	Title = {Heegner points and representation theory},
	Volume = {49},
	Year = {2004}}

@book{gerstein:BasicQuadraticForms,
	Address = {Providence R.I.},
	Author = {Larry J. Gerstein},
	Booktitle = {Basic Quadratic Forms},
	Date-Added = {2011-03-05 19:58:51 -0500},
	Date-Modified = {2011-04-29 14:39:14 -0400},
	Keywords = {thesis},
	Publisher = {American Math Society},
	Series = {Graduate Studies in Mathematics},
	Title = {Basic Quadratic Forms},
	Year = {2008}}

@article{jacobowitz:62a,
	Author = {Ronald Jacobowitz},
	Date-Added = {2011-02-19 06:47:43 -0500},
	Date-Modified = {2011-02-19 06:48:43 -0500},
	Journal = {American Journal of Mathematics},
	Keywords = {thesis},
	Pages = {441-465},
	Title = {Hermitian forms over local fields},
	Volume = {84},
	Year = {1962}}

@book{milne:ArithmeticDualityTheorems,
	Author = {James S. Milne},
	Booktitle = {Arithmetic Duality Theoresm},
	Date-Added = {2011-02-18 05:55:31 -0500},
	Date-Modified = {2011-02-18 06:01:45 -0500},
	Edition = {Second},
	Keywords = {thesis},
	Publisher = {BookSurge, LLC},
	Title = {Arithmetic Duality Theorems},
	Year = {2006}}

@unpublished{casselman:95a,
	Author = {William Casselman},
	Date-Added = {2011-02-17 07:38:53 -0500},
	Date-Modified = {2011-04-29 14:19:40 -0400},
	Keywords = {thesis},
	Note = {Available at \url{http://www.math.ubc.ca/~cass/research.html}},
	Title = {Introduction to the theory of admissible representations of $p$-adic reductive groups},
	Year = {1995}}

@unpublished{conrad:11a,
	Author = {Keith Conrad},
	Date-Added = {2011-02-17 06:29:53 -0500},
	Date-Modified = {2011-04-29 14:20:38 -0400},
	Keywords = {thesis},
	Note = {Available at \url{http://www.math.uconn.edu/~kconrad/blurbs/}},
	Title = {Galois Descent}}

@article{jahnell:00a,
	Author = {Joerg Jahnel},
	Date-Added = {2011-02-17 06:14:16 -0500},
	Date-Modified = {2011-02-17 06:27:14 -0500},
	Journal = {Linear Algebraic Groups and Related Structures},
	Keywords = {thesis},
	Pages = {1-60},
	Title = {The Brauer-Severi variety associated with a central simple algebra},
	Volume = {52},
	Year = {2000}}

@book{fulton-harris:RepresentationTheory,
	Address = {New York},
	Author = {William Fulton and Joe Harris},
	Date-Added = {2011-02-16 16:48:40 -0500},
	Date-Modified = {2011-02-16 16:51:04 -0500},
	Keywords = {thesis},
	Publisher = {Springer},
	Series = {Graduate Texts in Mathematics},
	Title = {Representation Theory: A First Course},
	Volume = {129},
	Year = {1991}}

@article{neron:64a,
	Author = {Andr\'e N\'eron},
	Date-Added = {2011-02-06 04:50:57 -0500},
	Date-Modified = {2011-02-06 04:52:21 -0500},
	Journal = {Publ. Much. I.H.E.S.},
	Keywords = {thesis},
	Title = {Mod\`eles minimaux des vari\'et\'es ab\'eliennes sur les corps locaux et globaux},
	Volume = {21},
	Year = {1964}}

@article{schneider-stuhler:97a,
	Author = {Peter Schneider and Ulrich Stuhler},
	Date-Added = {2011-02-05 20:14:31 -0500},
	Date-Modified = {2011-02-05 20:15:56 -0500},
	Journal = {Inst. Hautes \'Etudes Sci. Publ. Math},
	Keywords = {thesis},
	Pages = {97-191},
	Title = {Representation theory and sheaves on the Bruhat-Tits building},
	Volume = {85},
	Year = {1997}}

@book{garrett:BuildingsAndClassicalGroups,
	Address = {London},
	Author = {Paul Garrett},
	Booktitle = {Buildings and Classical Groups},
	Date-Added = {2011-02-04 23:00:42 -0500},
	Date-Modified = {2011-04-29 14:24:38 -0400},
	Keywords = {thesis},
	Publisher = {{Chapman \& Hall}},
	Title = {Buildings and Classical Groups},
	Year = {1997}}

@inproceedings{yu:09b,
	Address = {Providence R.I.},
	Author = {Jiu-Kang Yu},
	Booktitle = {Ottowa Lectures on Admissible Representations of Reductive $p$-adic Groups},
	Date-Added = {2011-02-04 22:26:49 -0500},
	Date-Modified = {2011-04-29 14:38:10 -0400},
	Editor = {Clifton Cunningham},
	Keywords = {thesis},
	Pages = {53-76},
	Publisher = {American Math Society},
	Series = {Fields Institute Monographs},
	Title = {{Bruhat-Tits theory and buildings}},
	Year = {2009}}

@article{bruhat-tits:87b,
	Author = {Francois Bruhat and Jacques Tits},
	Date-Added = {2011-02-04 22:17:10 -0500},
	Date-Modified = {2011-02-04 22:19:21 -0500},
	Journal = {J. Fac. Sci. Univ. Tokyo Sect. IA Math.},
	Keywords = {thesis},
	Number = {3},
	Pages = {671-698},
	Title = {{Groupes alg\'ebriques sur un corps local. Chapitre III. Compl\'ements et applications \`a la cohomologie galoisienne}},
	Volume = {34},
	Year = {1987}}

@article{bruhat-tits:87a,
	Author = {Francois Bruhat and Jacques Tits},
	Date-Added = {2011-02-04 22:15:03 -0500},
	Date-Modified = {2011-02-04 22:16:16 -0500},
	Journal = {Bull. Soc. Math. France},
	Keywords = {thesis},
	Number = {2},
	Pages = {141-195},
	Title = {{Sch\'emas en groupes et immeubles des groupes classiques sur un corps local. II}},
	Volume = {115},
	Year = {1987}}

@article{bruhat-tits:84b,
	Author = {Francois Bruhat and Jacques Tits},
	Date-Added = {2011-02-04 22:12:39 -0500},
	Date-Modified = {2011-02-04 22:14:41 -0500},
	Journal = {Bull. Soc. Math. France},
	Keywords = {thesis},
	Number = {2},
	Pages = {259-301},
	Title = {{Sch\'emas en groupes et immeubles des groupes classiques sur un corps local}},
	Volume = {112},
	Year = {1984}}

@inproceedings{tits:79a,
	Address = {Providence R.I.},
	Author = {Jacques Tits},
	Booktitle = {{Automorphic forms, representations and L-functions (Proc. Sympos. Pure Math., Oregon State Univ., Corvallis OR, 1977)}},
	Date-Added = {2011-02-04 22:05:24 -0500},
	Date-Modified = {2011-04-29 14:37:10 -0400},
	Keywords = {thesis},
	Number = {XXXIII},
	Pages = {29-69},
	Publisher = {American Math Society},
	Series = {Proceedings of Symposia in Pure Mathematics},
	Title = {Reductive groups over local fields},
	Year = {1979}}

@inproceedings{tate:79a,
	Address = {Providence R.I.},
	Author = {John Tate},
	Booktitle = {{Automorphic forms, representations and L-functions (Proc. Sympos. Pure Math., Oregon State Univ., Corvallis OR, 1977)}},
	Date-Added = {2011-02-02 22:34:43 -0500},
	Date-Modified = {2011-04-29 14:36:00 -0400},
	Number = {XXXIII},
	Pages = {3-26},
	Publisher = {American Math Society},
	Series = {Proceedings of Symposia in Pure Mathematics},
	Title = {Number theoretic background},
	Year = {1979}}

@book{cartan-eilenberg:HomologicalAlgebra,
	Address = {Princeton},
	Author = {Henri Cartan and Samuel Eilenberg},
	Date-Added = {2011-02-02 18:59:18 -0500},
	Date-Modified = {2011-02-02 19:00:29 -0500},
	Keywords = {thesis},
	Publisher = {Princeton U.P.},
	Title = {Homological Algebra},
	Year = {1956}}

@book{serre:GaloisCohomology,
	Address = {Berlin},
	Author = {Jean-Pierre Serre},
	Booktitle = {Galois Cohomology},
	Date-Added = {2011-02-02 18:47:24 -0500},
	Date-Modified = {2011-02-02 18:52:27 -0500},
	Edition = {Second},
	Publisher = {Springer-Verlag},
	Title = {Galois Cohomology},
	Year = {2001}}

@book{milne:ClassFieldTheory,
	Author = {James S. Milne},
	Date-Added = {2011-02-02 14:10:45 -0500},
	Date-Modified = {2011-04-29 14:33:24 -0400},
	Keywords = {thesis},
	Publisher = {Available at \url{http://jmilne.org}},
	Title = {Class Field Theory},
	Url = {http://jmilne.org/math},
	Year = {2008},
	Bdsk-Url-1 = {http://jmilne.org/math}}

@book{robert:ACourseInpAdicAnalysis,
	Address = {New York},
	Author = {Alain Robert},
	Booktitle = {A Course in p-adic Analysis},
	Date-Added = {2011-02-01 07:34:33 -0500},
	Date-Modified = {2011-04-29 14:34:56 -0400},
	Keywords = {thesis},
	Number = {198},
	Publisher = {Springer-Verlag},
	Series = {Graduate Texts in Mathematics},
	Title = {A Course in p-adic Analysis},
	Year = {2000}}

@book{cassels-frohlich:AlgebraicNumberTheory,
	Address = {London},
	Date-Added = {2011-02-01 07:25:18 -0500},
	Date-Modified = {2011-04-29 14:23:55 -0400},
	Edition = {Second},
	Editor = {John W. S. Cassels and Albrecht Frohlich},
	Keywords = {thesis},
	Publisher = {London Math Society},
	Title = {Algebraic Number Theory},
	Year = {2010}}

@unpublished{reeder:10a,
	Author = {Mark Reeder},
	Date-Added = {2011-01-31 07:55:31 -0500},
	Date-Modified = {2011-04-29 14:34:22 -0400},
	Keywords = {thesis},
	Note = {To appear in Representation Theory},
	Title = {{Elliptic centralizers in Weyl groups and their coinvariant representations}},
	Year = {2010}}

@book{waterhouse:IntroductionToAffineGroupSchemes,
	Address = {New York},
	Author = {William Waterhouse},
	Booktitle = {Introduction to Affine Group Schemes},
	Date-Added = {2011-01-31 07:14:06 -0500},
	Date-Modified = {2011-01-31 07:15:55 -0500},
	Keywords = {thesis},
	Publisher = {Springer},
	Series = {Graduate Texts in Mathematics},
	Title = {Introduction to Affine Group Schemes},
	Year = {1979}}

@inproceedings{borel:79a,
	Address = {Providence R.I.},
	Author = {Armand Borel},
	Booktitle = {{Automorphic forms, representations and L-functions}},
	Date-Added = {2011-01-31 05:12:51 -0500},
	Date-Modified = {2013-06-28 19:56:26 +0800},
	Keywords = {thesis, rectifiers},
	Number = {33, part 2},
	Pages = {27-61},
	Publisher = {American Math Society},
	Series = {Proceedings of Symposia in Pure Mathematics},
	Title = {{Automorphic L-functions}},
	Year = {1979}}

@article{vogan:93a,
	Author = {David Vogan},
	Date-Added = {2011-01-31 03:58:04 -0500},
	Date-Modified = {2011-04-29 14:37:26 -0400},
	Journal = {Representation Theory of Groups and Algebras},
	Keywords = {thesis},
	Title = {{The local Langlands conjecture}},
	Volume = {145},
	Year = {1993}}

@unpublished{emerton:10a,
	Author = {Matthew Emerton},
	Date-Added = {2011-01-27 21:06:37 -0500},
	Date-Modified = {2011-01-27 21:08:56 -0500},
	Month = {December},
	Title = {Local-global compatibility in the $p$-adic Langlands programme for \GL_2/\QQ},
	Year = {2010}}

@article{colmez:10a,
	Author = {Pierre Colmez},
	Date-Added = {2011-01-27 20:57:50 -0500},
	Date-Modified = {2011-03-31 04:53:34 -0400},
	Journal = {Asterisque},
	Keywords = {thesis},
	Pages = {281-509},
	Title = {{Representations de \GL_2(\Qp) et (\phi, \Gamma)-modules}},
	Volume = {330},
	Year = {2010}}

@book{frenkel:LanglandsCorrespondenceForLoopGroups,
	Address = {Cambridge, UK},
	Author = {Edward Frenkel},
	Booktitle = {Langlands correspondence for loop groups},
	Date-Added = {2011-01-27 20:46:06 -0500},
	Date-Modified = {2011-01-27 20:47:54 -0500},
	Publisher = {Cambridge UP},
	Title = {Langlands correspondence for loop groups},
	Year = {2007}}

@book{jacquet-langlands:AutomorphicFormsOnGL2,
	Address = {New York},
	Author = {Herve Jacquet and Robert Langlands},
	Booktitle = {Automorphic forms on $\GL(2)$},
	Date-Added = {2011-01-27 20:25:51 -0500},
	Date-Modified = {2011-01-27 20:28:34 -0500},
	Keywords = {thesis},
	Number = {114},
	Publisher = {Springer-Verlag},
	Series = {Lecture Notes in Math},
	Title = {Automorphic forms on $\GL(2)$},
	Year = {1970}}

@book{humphreys:RefGroupsCoxGroups,
	Author = {James E. Humphreys},
	Booktitle = {Reflection Groups and Coxeter Groups},
	Date-Added = {2010-10-29 13:23:35 -0400},
	Date-Modified = {2010-10-29 13:25:02 -0400},
	Keywords = {thesis},
	Publisher = {Cambridge UP},
	Title = {Reflection Groups and Coxeter Groups},
	Year = {1990}}

@book{abramenko-brown:Buildings,
	Address = {New York},
	Author = {Peter Abramenko and Kenneth S. Brown},
	Date-Added = {2010-10-29 12:44:37 -0400},
	Date-Modified = {2010-10-29 12:46:55 -0400},
	Keywords = {thesis},
	Publisher = {Springer-Verlag},
	Title = {Buildings},
	Year = {2008}}

@misc{thiery:09a,
	Address = {Hagenberg, Austria},
	Author = {Nicolas M. Thi\'ery},
	Date-Added = {2010-10-18 06:58:10 -0400},
	Date-Modified = {2010-10-18 07:02:53 -0400},
	Howpublished = {Software demonstration, FPSAC'09, Hagenberg, Austria},
	Keywords = {research-prop},
	Note = {\url{http://wiki.sagemath.org/combinat?action=AttachFile&do=get&target=2009-07-20-FPSAC.pdf}},
	Title = {Sage-Combinat, Free and Practical Software for Algebraic Combinatorics.},
	Year = {2009}}

@article{joyner-stein:07a,
	Author = {David Joyner and WIlliam Stein},
	Date-Added = {2010-10-18 06:48:55 -0400},
	Date-Modified = {2010-10-18 06:52:55 -0400},
	Journal = {Notices of the AMS},
	Keywords = {research-prop},
	Number = {10},
	Pages = {1279},
	Title = {Open Source Mathematical Software},
	Volume = {54},
	Year = {2007}}

@article{loeffler:08a,
	Author = {David Loeffler},
	Date-Added = {2010-10-18 06:38:47 -0400},
	Date-Modified = {2010-10-18 06:39:46 -0400},
	Journal = {LMS Journal of Computation and Mathematics},
	Keywords = {research-prop},
	Pages = {326-342},
	Title = {Explicit calculations of automorphic forms for definite unitary groups},
	Volume = {11},
	Year = {2008}}

@article{harvey:07a,
	Author = {David Harvey},
	Date-Added = {2010-10-18 06:25:22 -0400},
	Date-Modified = {2010-10-18 06:26:20 -0400},
	Journal = {Int. Math. Res. Notices},
	Keywords = {research-prop},
	Title = {Kedlaya's algorithm in larger characteristic},
	Year = {2007}}

@article{magma,
	Author = {Wieb Bosma and John Cannon and Catherine Payoust},
	Date-Added = {2010-10-18 06:16:48 -0400},
	Date-Modified = {2010-10-18 06:18:51 -0400},
	Journal = {J. Symbolic Comput.},
	Keywords = {research-prop},
	Number = {3-4},
	Pages = {235-265},
	Title = {{The Magma algebra system. I. The user language.}},
	Volume = {24},
	Year = {1997}}

@misc{cethop,
	Date-Added = {2010-10-18 04:47:51 -0400},
	Date-Modified = {2010-10-18 05:08:41 -0400},
	Howpublished = {\url{http://cethop.math.cnrs.fr}},
	Key = {Cethop},
	Keywords = {research-prop},
	Title = {{Project CETHop}}}

@article{prasad-yu:02a,
	Author = {Gopal Prasad and Jiu-Kang Yu},
	Date-Added = {2010-10-18 03:13:57 -0400},
	Date-Modified = {2011-02-23 13:28:21 -0500},
	Journal = {Inventiones Math.},
	Keywords = {research-prop, thesis},
	Pages = {545-560},
	Title = {On finite group actions on reductive groups and buildings},
	Volume = {147},
	Year = {2002}}

@article{jones-roberts:06a,
	Author = {John Jones and David Roberts},
	Date-Added = {2010-10-18 01:46:22 -0400},
	Date-Modified = {2010-10-18 01:47:20 -0400},
	Journal = {J. Symbolic Comput.},
	Keywords = {research-prop},
	Pages = {80-97},
	Title = {A Database of Local Fields},
	Volume = {41},
	Year = {2006}}

@unpublished{guardia-montes-nart:09a,
	Author = {Jordi Gu\`ardia and Jes\'us Montes and Enric Nart},
	Date-Added = {2010-10-18 01:36:38 -0400},
	Date-Modified = {2010-10-18 01:37:23 -0400},
	Keywords = {research-prop},
	Note = {arXiv:0902.3428},
	Title = {Higher Newton polygons and integral bases},
	Year = {2009}}

@unpublished{guardia-montes-nart:08b,
	Author = {Jordi Gu\`ardia and Jes\'us Montes and Enric Nart},
	Date-Added = {2010-10-18 01:35:31 -0400},
	Date-Modified = {2010-10-18 01:36:30 -0400},
	Keywords = {research-prop},
	Note = {arXiv:0807.4065},
	Title = {Higher Newton polygons in the computation of discriminants and prime ideal decomposition in number fields},
	Year = {2008}}

@unpublished{guardia-montes-nart:08a,
	Author = {Jordi Gu\`ardia and Jes\'us Montes and Enric Nart},
	Date-Added = {2010-10-18 01:30:52 -0400},
	Date-Modified = {2010-10-18 01:36:35 -0400},
	Keywords = {research-prop},
	Note = {arXiv:0807.2620},
	Title = {Newton polygons of higher order in algebraic number theory},
	Year = {2008}}

@inproceedings{pauli:10a,
	Address = {Nancy, France},
	Author = {Sebastian Pauli},
	Booktitle = {Algorithmic Number Theory, 9th International Symposium},
	Date-Added = {2010-10-18 01:28:33 -0400},
	Date-Modified = {2010-10-18 05:27:15 -0400},
	Editor = {Guillaume Hanrot and Fran{\c c}ois Morain and Emmanuel Thom\'e},
	Keywords = {research-prop},
	Title = {{Factoring polynomials over local fields II}},
	Year = {2010}}

@inproceedings{junkins:10a,
	Author = {Caroline Junkins},
	Date-Added = {2010-10-18 01:26:33 -0400},
	Date-Modified = {2010-10-18 01:27:44 -0400},
	Publisher = {Presented at the Quebec-Maine number theory conference},
	Title = {An analogue of the Gauss class number problem in motivic cohomology},
	Year = {2010}}

@inproceedings{balakrishnan-bradshaw-kedlaya:10a,
	Address = {Nancy, France},
	Author = {Jennifer S. Balakrishnan and Robert W. Bradshaw and Kiran S. Kedlaya},
	Booktitle = {Algorithmic Number Theory, 9th International Symposium},
	Date-Added = {2010-10-18 01:16:51 -0400},
	Date-Modified = {2010-10-18 05:27:38 -0400},
	Editor = {Guillaume Hanrot and Fran{\c c}ois Morain and Emmanuel Thom\'e},
	Keywords = {research-prop},
	Title = {Explicit Coleman Integration for Hyperelliptic Curves},
	Year = {2010}}

@article{lansky-pollack:02a,
	Author = {Joshua Lansky and David Pollack},
	Date-Added = {2010-10-18 01:10:04 -0400},
	Date-Modified = {2010-10-18 01:10:57 -0400},
	Journal = {Compositio Math.},
	Keywords = {research-prop},
	Number = {1},
	Pages = {21-48},
	Title = {Hecke algebras and automorphic forms},
	Volume = {130},
	Year = {2002}}

@article{gross:99a,
	Author = {Benedict H. Gross},
	Date-Added = {2010-10-18 01:07:49 -0400},
	Date-Modified = {2010-10-18 01:08:42 -0400},
	Journal = {Israel J. Math.},
	Keywords = {research-prop},
	Pages = {61-93},
	Title = {Algebraic modular forms},
	Volume = {113},
	Year = {1999}}

@inproceedings{knightly:10a,
	Author = {Andrew Knightly},
	Date-Added = {2010-10-18 01:00:13 -0400},
	Date-Modified = {2010-10-18 05:43:07 -0400},
	Keywords = {research-prop},
	Publisher = {Presented at the Quebec-Maine number theory conference},
	Title = {{Simple supercuspidal representations of $\GL(n)$}},
	Year = {2010}}

@article{chevie,
	Author = {M. Geck and G. Hiss and F. L\"ubeck and G. Malle and G. Pfeiffer},
	Date-Added = {2010-10-18 00:44:42 -0400},
	Date-Modified = {2010-10-18 05:17:58 -0400},
	Journal = {Appl. Algebra Engrg. Comm. Comput.},
	Keywords = {research-prop},
	Pages = {175-210},
	Title = {{CHEVIE -- A system for computing and processing generic character tables for finite groups of Lie type, Weyl groups and Hecke algebras}},
	Volume = {7},
	Year = {1996}}

@book{carter:93a,
	Address = {Chichester},
	Author = {Roger W. Carter},
	Booktitle = {Finite Groups of Lie Type: conjugacy classes and complex characters},
	Date-Added = {2010-10-18 00:41:15 -0400},
	Date-Modified = {2013-06-28 20:02:39 +0800},
	Keywords = {thesis, research-prop, rectifiers},
	Publisher = {Wiley \& Sons},
	Title = {{Finite groups of Lie type: conjugacy classes and complex characters}},
	Year = {1993}}

@book{bushnell-henniart:06a,
	Address = {Berlin},
	Author = {Colin Bushnell and Guy Henniart},
	Booktitle = {The Local Langlands Conjecture for GL(2)},
	Date-Added = {2010-10-18 00:35:03 -0400},
	Date-Modified = {2013-06-28 20:26:35 +0800},
	Keywords = {research-prop, rectifiers},
	Publisher = {Springer-Verlag},
	Title = {{The local Langlands conjecture for $GL(2)$}},
	Year = {2006}}

@unpublished{loeffler-weinstein:10a,
	Author = {Jared Weinstein and David Loeffler},
	Date-Added = {2010-10-17 20:00:18 -0400},
	Date-Modified = {2010-10-18 05:55:29 -0400},
	Keywords = {research-prop},
	Note = {arXiv:1008.2796},
	Title = {On the computation of local components of a newform},
	Url = {http://arxiv.org/abs/1008.2796},
	Year = {2010},
	Bdsk-Url-1 = {http://arxiv.org/abs/1008.2796}}

@misc{gap,
	Author = {{The GAP~Group}},
	Date-Added = {2010-10-17 19:45:57 -0400},
	Date-Modified = {2010-10-18 05:50:43 -0400},
	Howpublished = {\url{http://www.gap-system.org}},
	Key = {Gap~Group},
	Keywords = {research-prop},
	Title = {{GAP -- Groups, Algorithms, and Programming}},
	Year = {1986-2010}}

@misc{pari,
	Author = {C. Batut and K. Belabas and D. Benardi and H. Cohen and M. Olivier},
	Date-Added = {2010-10-17 19:43:29 -0400},
	Date-Modified = {2010-10-18 05:51:44 -0400},
	Howpublished = {\url{http://pari.math.u-bordeaux.fr}},
	Keywords = {research-prop},
	Title = {User's Guide to {PARI-GP}},
	Year = {1985-2010}}

@misc{sage,
	Date-Added = {2010-10-17 19:31:54 -0400},
	Date-Modified = {2010-10-18 05:53:43 -0400},
	Howpublished = {\url{http://www.sagemath.org}},
	Key = {Sage},
	Keywords = {research-prop},
	Title = {Sage: mathematics software},
	Year = {2005-2010}}

@phdthesis{roe:11a,
	Author = {David Roe},
	Date-Added = {2010-10-17 19:28:33 -0400},
	Date-Modified = {2010-10-17 19:30:11 -0400},
	Keywords = {research-prop},
	School = {Harvard University},
	Title = {The Local Langlands Correspondence for Tamely Ramified Groups},
	Year = {2011}}

@article{birch-swinnerton-dyer:65a,
	Author = {Bryan Birch and Peter Swinnerton-Dyer},
	Date-Added = {2010-10-17 19:24:12 -0400},
	Date-Modified = {2010-10-18 05:18:32 -0400},
	Journal = {Journ. reine u. angewandte},
	Keywords = {research-prop},
	Pages = {79-108},
	Title = {{Notes on elliptic curves II}},
	Volume = {218},
	Year = {1965}}

@article{henniart:00a,
	Author = {Guy Henniart},
	Date-Added = {2010-10-17 19:20:03 -0400},
	Date-Modified = {2010-10-18 05:43:36 -0400},
	Journal = {Invent. Math.},
	Keywords = {research-prop},
	Number = {2},
	Pages = {439-455},
	Title = {{Une preuve simple des conjectures de Langlands pour $\GL(n)$ sur un corps $p$-adique}},
	Volume = {139},
	Year = {2000}}

@book{harris-taylor:01a,
	Address = {Princeton},
	Author = {Michael Harris and Richard Taylor},
	Date-Added = {2010-10-17 19:16:19 -0400},
	Date-Modified = {2010-10-18 00:38:53 -0400},
	Keywords = {research-prop},
	Publisher = {Princeton U.P.},
	Title = {The geometry and cohomology of some simple Shimura varieties},
	Year = {2001}}

@book{bernstein-gelbart:04a,
	Address = {Boston},
	Booktitle = {An Introduction to the Langlands Program},
	Date-Added = {2010-10-17 19:09:04 -0400},
	Date-Modified = {2010-10-17 19:11:30 -0400},
	Editor = {Stephen Gelbart and Joseph Bernstein},
	Keywords = {research-prop},
	Publisher = {Birkhauser},
	Title = {An Introduction to the Langlands Program},
	Year = {2004}}

@article{gelbart:84a,
	Author = {Stephen Gelbart},
	Date-Added = {2010-10-17 19:07:10 -0400},
	Date-Modified = {2010-10-18 05:18:52 -0400},
	Journal = {Bull. Amer. Math. Soc. (N.S.)},
	Keywords = {research-prop},
	Number = {2},
	Pages = {177-219},
	Title = {{An elementary introduction to the Langlands program}},
	Volume = {10},
	Year = {1984}}

@article{wiles:95a,
	Author = {Andrew J. Wiles},
	Date-Added = {2010-10-17 19:04:27 -0400},
	Date-Modified = {2010-10-18 05:53:55 -0400},
	Journal = {Annals of Math},
	Keywords = {research-prop},
	Number = {3},
	Pages = {443-551},
	Title = {{Modular elliptic curves and Fermat's last theorem}},
	Volume = {141},
	Year = {1995}}

@unpublished{bhargava-hanke:pre_a,
	Author = {Manjul Bhargava and Jon Hanke},
	Date-Added = {2010-10-17 18:59:46 -0400},
	Date-Modified = {2010-10-18 05:57:18 -0400},
	Keywords = {research-prop},
	Note = {To appear in \textit{Inventiones Math.}},
	Title = {Universal Quadratic Forms and the 290-Theorem}}

@article{khare-winterberger:09a,
	Author = {Chandrashekhar Khare and Jean-Pierre Winterberger},
	Date-Added = {2010-10-17 18:49:30 -0400},
	Date-Modified = {2010-10-17 18:52:41 -0400},
	Journal = {Inventiones Mathematicae},
	Keywords = {research-prop},
	Number = {3},
	Pages = {485-586},
	Title = {Serre's modularity conjecture},
	Volume = {178},
	Year = {2009}}

@article{gross-reeder:09a,
	Author = {Benedict H. Gross and Mark Reeder},
	Date-Added = {2010-10-13 05:07:50 -0400},
	Date-Modified = {2013-06-28 20:50:33 +0800},
	Journal = {Duke Math Journal},
	Keywords = {thesis, research-prop, rectifiers},
	Pages = {431-508},
	Title = {{Arithmetic invariants of discrete Langlands parameters}},
	Year = {2010},
	Bdsk-Url-1 = {http://www2.bc.edu/~reederma/AdjointGamma.pdf}}

@article{carter:72a,
	Author = {Roger W. Carter},
	Date-Added = {2010-10-13 01:07:32 -0400},
	Date-Modified = {2011-04-29 14:18:46 -0400},
	Journal = {Compositio Mathematica},
	Keywords = {thesis},
	Number = {1},
	Pages = {1-59},
	Title = {{Conjugacy classes in the Weyl group}},
	Volume = {25},
	Year = {1972}}

@article{reeder-debacker:09a,
	Author = {Stephen DeBacker and Mark Reeder},
	Date-Added = {2010-10-13 00:52:54 -0400},
	Date-Modified = {2013-06-28 17:17:48 +0800},
	Journal = {Annals of Math},
	Keywords = {thesis, research-prop, rectifiers},
	Number = {3},
	Pages = {795-901},
	Title = {{Depth-zero supercuspidal L-packets and their stability}},
	Volume = {169},
	Year = {2009}}

@article{bruhat-tits:84a,
	Author = {Francois Bruhat and Jacques Tits},
	Date-Added = {2010-09-10 13:51:42 -0400},
	Date-Modified = {2011-02-04 22:09:28 -0500},
	Journal = {Publ. Math. I.H.E.S.},
	Keywords = {thesis, Bruhat-Tits, padic},
	Pages = {197-376},
	Title = {Groupes r\'eductifs sur un corps local, Chapitre II},
	Volume = {60},
	Year = {1984}}

@book{springer:LinearAlgebraicGroups,
	Address = {Boston},
	Author = {Springer, T.A.},
	Booktitle = {Linear Algebraic Groups},
	Date-Added = {2010-08-09 14:35:17 -0600},
	Date-Modified = {2011-02-07 04:51:04 -0500},
	Edition = {second},
	Keywords = {thesis},
	Publisher = {Birkh\"auser},
	Title = {Linear Algebraic Groups},
	Year = {1998}}

@inproceedings{yu:09a,
	Address = {Providence R.I.},
	Author = {Jiu-Kang Yu},
	Booktitle = {Ottowa Lectures on Admissible Representations of Reductive $p$-adic Groups},
	Date-Added = {2010-04-07 00:30:58 -0400},
	Date-Modified = {2010-10-18 05:54:07 -0400},
	Editor = {Clifton Cunningham},
	Keywords = {thesis, research-prop},
	Pages = {171-177},
	Publisher = {American Math Society},
	Series = {Fields Institute Monographs},
	Title = {{On the local Langlands correspondence for tori}},
	Year = {2009}}

@unpublished{reeder:09a,
	Author = {Reeder, Mark},
	Date-Added = {2010-03-27 00:36:03 -0400},
	Date-Modified = {2010-10-17 18:46:54 -0400},
	Keywords = {thesis},
	Note = {To appear in L'Enseignement Mathematique},
	Title = {Torsion automorphisms of simple Lie algebras},
	Url = {http://www2.bc.edu/~reederma/Torsion.pdf},
	Year = {2009},
	Bdsk-Url-1 = {http://www2.bc.edu/~reederma/Torsion.pdf}}

@article{rapoport:05a,
	Author = {Michael Rapoport},
	Booktitle = {A guide to the reduction modulo $p$ of Shimura varieties},
	Date-Added = {2010-02-10 13:39:08 -0500},
	Date-Modified = {2011-04-29 14:33:44 -0400},
	Journal = {Ast\'erisque},
	Keywords = {thesis, padic, Shimura},
	Pages = {271-318},
	Title = {A guide to the reduction modulo $p$ of Shimura varieties},
	Volume = {298},
	Year = {2005}}

@book{platonov:AlgGroupsAndNT,
	Address = {San Diego},
	Author = {Vladimir Platonov and Andrei Rapinchuk},
	Booktitle = {Algebraic Groups and Number Theory},
	Date-Added = {2010-02-03 03:29:18 -0500},
	Date-Modified = {2010-10-17 18:45:42 -0400},
	Keywords = {thesis},
	Publisher = {Academic Press, Inc.},
	Title = {Algebraic Groups and Number Theory},
	Year = {1991}}

@book{bosch-lutkebohmert-reynaud:NeronModels,
	Address = {Berlin},
	Author = {Siegfried Bosch and Werner L\"utkebohmert and Michel Reynaud},
	Booktitle = {Neron Models},
	Date-Added = {2010-01-31 17:56:09 -0500},
	Date-Modified = {2013-06-28 20:26:12 +0800},
	Keywords = {thesis, rectifiers},
	Publisher = {Springer-Verlag},
	Title = {{N\'eron models}},
	Year = {1980}}

@unpublished{yu:03a,
	Author = {Jiu-Kang Yu},
	Date-Added = {2010-01-31 16:59:34 -0500},
	Date-Modified = {2011-04-29 14:37:56 -0400},
	Keywords = {thesis},
	Note = {Preprint},
	Title = {{Smooth models associated to concave functions in Bruhat-Tits theory}},
	Year = {2003}}

@article{bruhat-tits:72a,
	Author = {Francois Bruhat and Jacques Tits},
	Date-Added = {2010-01-31 16:48:51 -0500},
	Date-Modified = {2011-02-04 22:09:21 -0500},
	Journal = {Publ. Math. I.H.E.S.},
	Keywords = {thesis, Bruhat-Tits, padic},
	Pages = {5-251},
	Title = {Groupes r\'eductifs sur un corps local, Chapitre I},
	Volume = {41},
	Year = {1972}}

@article{moy-prasad:96a,
	Author = {Allen Moy and Gopal Prasad},
	Date-Added = {2010-01-30 02:19:07 -0500},
	Date-Modified = {2013-06-28 20:33:49 +0800},
	Journal = {Comment. Math. Helv.},
	Keywords = {thesis, rectifiers, padic, representations, Bruhat-Tits},
	Number = {1},
	Pages = {98-121},
	Title = {{Jacquet functors and unrefined minimal $K$-types}},
	Volume = {71},
	Year = {1996}}

@book{serre:LocalFields,
	Address = {New York},
	Author = {Jean-Pierre Serre},
	Date-Added = {2010-01-30 00:46:01 -0500},
	Date-Modified = {2011-02-04 22:28:15 -0500},
	Keywords = {thesis, padic, cohomology, class field theory},
	Publisher = {Springer-Verlag},
	Rating = {5},
	Read = {Yes},
	Title = {Local Fields},
	Year = {1979}}
